
@ARTICLE{lang2010,
   author = {{Lang}, D. and {Hogg}, D.~W. and {Mierle}, K. and {Blanton}, M. and {Roweis}, S.},
    title = "{Astrometry.net: Blind astrometric calibration of arbitrary astronomical images}",
  journal = {\AJ},
  year = 2010,
  volume = {137},
  pages = {1782--2800},
   note = {arXiv:0910.2233},
   adsurl = {http://adsabs.harvard.edu/abs/2009arXiv0910.2233L},
}

@misc{1909.02946,
Author = {Martin Beroiz and Juan B. Cabral and Bruno Sanchez},
Title = {Astroalign: A Python module for astronomical image registration},
Year = {2019},
Eprint = {arXiv:1909.02946},
}

@article{klenske2015gaussian,
  title={Gaussian process-based predictive control for periodic error correction},
  author={Klenske, Edgar D and Zeilinger, Melanie N and Sch{\"o}lkopf, Bernhard and Hennig, Philipp},
  journal={IEEE Transactions on Control Systems Technology},
  volume={24},
  number={1},
  pages={110--121},
  year={2015},
  publisher={IEEE}
}
